% Encoding: UTF-8

@Article{Debray:2000:CTC:349214.349233,
  author     = {Debray, Saumya K. and Evans, William and Muth, Robert and De Sutter, Bjorn},
  title      = {Compiler Techniques for Code Compaction},
  journal    = {ACM Trans. Program. Lang. Syst.},
  year       = {2000},
  volume     = {22},
  number     = {2},
  pages      = {378--415},
  month      = mar,
  note       = {\url{http://doi.acm.org/10.1145/349214.349233}},
  acmid      = {349233},
  address    = {New York, NY, USA},
  doi        = {10.1145/349214.349233},
  issn       = {0164-0925},
  issue_date = {March 2000},
  keywords   = {code compaction, code compression, code size reduction},
  numpages   = {38},
  owner      = {Fingal},
  publisher  = {ACM},
  timestamp  = {2016-11-19},
}

@Comment{jabref-meta: databaseType:bibtex;}
